@article{Qin2016,
    title = {{DeepFish: Accurate underwater live fish recognition with a deep architecture}},
    year = {2016},
    journal = {Neurocomputing},
    author = {Qin, Hongwei and Li, Xiu and Liang, Jian and Peng, Yigang and Zhang, Changshui},
    pages = {49--58},
    volume = {187},
    doi = {10.1016/j.neucom.2015.10.122},
    issn = {18728286},
    keywords = {Cascaded network, Deep learning, Object recognition, Underwater}
}

@article{Lu2017,
    title = {{Computer vision for ocean observing}},
    year = {2017},
    journal = {Studies in Computational Intelligence},
    author = {Lu, Huimin and Li, Yujie and Serikawa, Seiichi},
    pages = {1--16},
    volume = {672},
    doi = {10.1007/978-3-319-46245-5{\_}1},
    issn = {1860949X},
    keywords = {Computer vision, Ocean observing}
}

@book{bishop:2006,
    title = {{Pattern Recognition and Machine Learning}},
    year = {2006},
    author = {Bishop, Christopher M},
    series = {Information Science and Statistics},
    publisher = {Springer Science {\{}{\&}{\}} Business Media},
    address = {New York},
    isbn = {978-0387-31073-2}
}

@article{marengoni2009tutorial,
    title = {{Tutorial: Introdu{\c{c}}{\~{a}}o {\`{a}} vis{\~{a}}o computacional usando opencv}},
    year = {2009},
    journal = {Revista de Inform{\{}{\'{a}}{\}}tica Te{\{}{\'{o}}{\}}rica e Aplicada},
    author = {Marengoni, Maur\'\icio and Stringhini, Stringhini},
    number = {1},
    pages = {125--160},
    volume = {16}
}

@article{xia2012internet,
    title = {{Internet of things}},
    year = {2012},
    journal = {International Journal of Communication Systems},
    author = {Xia, Feng and Yang, Laurence T and Wang, Lizhe and Vinel, Alexey},
    number = {9},
    pages = {1101},
    volume = {25}
}

@article{hearst:1998,
    title = {{Support vector machines}},
    year = {1998},
    journal = {IEEE Intelligent Systems and their applications},
    author = {Hearst, Marti A and Dumais, Susan T and Osuna, Edgar and Platt, John and Scholkopf, Bernhard},
    number = {4},
    pages = {18--28},
    volume = {13},
    publisher = {IEEE}
}

@article{Clarke:2009,
    title = {{Model Checking: Algorithmic Verification and Debugging}},
    year = {2009},
    journal = {Commun. ACM},
    author = {Clarke, Edmund M and Emerson, E Allen and Sifakis, Joseph},
    number = {11},
    pages = {74--84},
    volume = {52},
    publisher = {ACM},
    url = {http://doi.acm.org/10.1145/1592761.1592781},
    address = {New York, NY, USA},
    doi = {10.1145/1592761.1592781},
    issn = {0001-0782}
}

@book{Baier:2008,
    title = {{Principles of Model Checking (Representation and Mind Series)}},
    year = {2008},
    author = {Baier, Christel and Katoen, Joost-Pieter},
    publisher = {The MIT Press},
    isbn = {026202649X, 9780262026499}
}

@book{vahid:2002,
    title = {{Embedded system design - a unified hardware/software introduction.}},
    year = {2002},
    author = {Vahid, F and Givargis, T},
    pages = {I--XXI, 1--324},
    isbn = {978-0-471-45303-1},
    keywords = {dblp}
}

@book{peterson:1981,
    title = {{Petri Net Theory and The Modeling of Systems}},
    year = {1981},
    author = {Peterson, James Lyle},
    publisher = {Prentice-Hall},
    address = {Englewood Cliffs, NJ.},
    keywords = {Petri nets, system analysis, systems design}
}

@book{heath:2002,
    title = {{Embedded Systems Design}},
    year = {2002},
    author = {Heath, Steve},
    publisher = {Elsevier Science},
    url = {https://books.google.com.br/books?id=BjNZXwH7HlkC 273000/83f14e519542c81360f3d38c68d7c888},
    isbn = {9780080477565}
}

@book{Schwaber:2002,
    title = {{Agile software development with Scrum}},
    year = {2002},
    author = {Schwaber, Ken and Beedle, Mike},
    volume = {1},
    publisher = {Prentice Hall Upper Saddle River}
}

@book{bradski:2008,
    title = {{Learning OpenCV: Computer vision with the OpenCV library}},
    year = {2008},
    author = {Bradski, Gary and Kaehler, Adrian},
    publisher = {" O'Reilly Media, Inc."}
}

@article{murata:1989,
    title = {{Petri nets: Properties, analysis and applications}},
    year = {1989},
    journal = {Proceedings of the IEEE},
    author = {Murata, Tadao},
    number = {4},
    pages = {541--580},
    volume = {77},
    publisher = {IEEE}
}

@book{bishop:2006b,
    title = {{Pattern recognition and machine learning}},
    year = {2006},
    author = {Bishop, Christopher M},
    publisher = {springer}
}

@article{Lu:2017,
    title = {{Computer vision for ocean observing}},
    year = {2017},
    journal = {Studies in Computational Intelligence},
    author = {Lu, Huimin and Li, Yujie and Serikawa, Seiichi},
    pages = {1--16},
    volume = {672},
    doi = {10.1007/978-3-319-46245-5{\_}1},
    issn = {1860949X},
    keywords = {Computer vision, Ocean observing}
}

@article{Gubbi:2013,
    title = {{Internet of Things (IoT): A vision, architectural elements, and future directions}},
    year = {2013},
    journal = {Future Generation Computer Systems},
    author = {Gubbi, Jayavardhana and Buyya, Rajkumar and Marusic, Slaven and Palaniswami, Marimuthu},
    number = {7},
    pages = {1645--1660},
    volume = {29},
    url = {http://www.sciencedirect.com/science/article/pii/S0167739X13000241},
    doi = {https://doi.org/10.1016/j.future.2013.01.010},
    issn = {0167-739X},
    keywords = {Cloud computing, Internet of Things, RFID, Smart environments, Ubiquitous sensing, Wireless sensor networks}
}

@article{santos:2005,
    title = {{Sustentabilidade da pesca na Amaz{\{}{\^{o}}{\}}nia}},
    year = {2005},
    journal = {Estudos avancados},
    author = {Santos, Geraldo Mendes dos and Santos, Ana Carolina Mendes dos},
    number = {54},
    pages = {165--182},
    volume = {19},
    publisher = {SciELO Brasil}
}

@article{marengoni:2009,
    title = {{Tutorial: Introdu{\c{c}}{\~{a}}o {\`{a}} vis{\~{a}}o computacional usando opencv}},
    year = {2009},
    journal = {Revista de Inform{\'{a}}tica Te{\'{o}}rica e Aplicada},
    author = {Marengoni, Maurício and Stringhini, Stringhini},
    number = {1},
    pages = {125--160},
    volume = {16}
}

@article{vandamme:2015,
    title = {{Computer vision photogrammetry for underwater archaeological site recording in a low-visibility environment}},
    year = {2015},
    journal = {The International Archives of Photogrammetry, Remote Sensing and Spatial Information Sciences},
    author = {Van Damme, T},
    number = {5},
    pages = {231},
    volume = {40},
    publisher = {Copernicus GmbH}
}

@book{Marwedel:2010,
    title = {{Embedded system design: Embedded systems foundations of cyber-physical systems}},
    year = {2010},
    author = {Marwedel, Peter},
    publisher = {Springer Science {\&} Business Media}
}

@inproceedings{bazeille2006,
    title = {{Automatic underwater image pre-processing}},
    year = {2006},
    booktitle = {CMM'06},
    author = {Bazeille, Stephane and Quidu, Isabelle and Jaulin, Luc and Malkasse, Jean-Philippe},
    pages = {xx}
}

@book{white:2011,
    title = {{Making Embedded Systems: Design Patterns for Great Software}},
    year = {2011},
    author = {White, Elecia},
    pages = {328},
    volume = {2011},
    publisher = {O'Reilly Media},
    url = {http://books.google.com/books?id=VCOTy1xWZmQC%7B&%7Dpgis=1 http://gen.lib.rus.ec/book/index.php?md5=198A2D91EB3D7296D85BBF1D099F5C84},
    isbn = {1449320589}
}

@article{schlett:1998,
    title = {{Trends in embedded-microprocessor design}},
    year = {1998},
    journal = {Computer},
    author = {Schlett, M},
    number = {8},
    pages = {44--49},
    volume = {31},
    doi = {10.1109/2.707616},
    issn = {0018-9162}
}

@article{watson:2005,
    title = {{A comparison of temperate reef fish assemblages recorded by three underwater stereo-video techniques}},
    year = {2005},
    journal = {Marine Biology},
    author = {Watson, Dianne L and Harvey, Euan S and Anderson, Marti J and Kendrick, Gary A},
    number = {2},
    pages = {415--425},
    volume = {148},
    publisher = {Springer}
}

@misc{mathworks:2008,
    title = {{Homomorphic filtering}},
    year = {2008},
    url = {https://www.mathworks.com/matlabcentral/fileexchange/21357-homomorphic-filtering},
    institution = {MathWorks}
}

@book{sioli:2012,
    title = {{The Amazon: limnology and landscape ecology of a mighty tropical river and its basin}},
    year = {2012},
    author = {Sioli, Harald},
    volume = {56},
    publisher = {Springer Science {\&} Business Media}
}

@article{Miller:2004,
    title = {{Scuba diving risk taking—A terror management theory perspective}},
    year = {2004},
    journal = {Journal of Sport and Exercise Psychology},
    author = {Miller, Gila and Taubman--Ben-Ari, Orit},
    number = {2},
    pages = {269--282},
    volume = {26}
}

@incollection{kopetz:2011,
    title = {{Internet of Things}},
    year = {2011},
    booktitle = {Real-Time Systems: Design Principles for Distributed Embedded Applications},
    author = {Kopetz, Hermann},
    pages = {307--323},
    publisher = {Springer US},
    url = {http://dx.doi.org/10.1007/978-1-4419-8237-7%7B_%7D13 https://link.springer.com/chapter/10.1007/978-1-4419-8237-7%7B_%7D13},
    address = {Boston, MA},
    isbn = {978-1-4419-8237-7},
    doi = {10.1007/978-1-4419-8237-7{\_}13}
}

@article{Qin:2016,
    title = {{DeepFish: Accurate underwater live fish recognition with a deep architecture}},
    year = {2016},
    journal = {Neurocomputing},
    author = {Qin, Hongwei and Li, Xiu and Liang, Jian and Peng, Yigang and Zhang, Changshui},
    pages = {49--58},
    volume = {187},
    doi = {10.1016/j.neucom.2015.10.122},
    issn = {18728286},
    keywords = {Cascaded network, Deep learning, Object recognition, Underwater}
}

@article{barthem:2004,
    title = {{Biologia e diversidade dos recursos pesqueiros da Amaz{\{}{\^{o}}{\}}nia}},
    year = {2004},
    journal = {A pesca e os recursos pesqueiros na Amaz{\{}{\^{o}}{\}}nia brasileira},
    author = {Barthem, Ronaldo Borges and Fabr{\'{e}}, Nidia Noemi},
    pages = {17--62},
    volume = {1},
    publisher = {IBAMAPROV{\{}{\'{A}}{\}}RZEA}
}

@misc{portalbrasil:2009,
    title = {{Rios e bacias do Brasil formam uma das maiores redes fluviais do mundo}},
    year = {2009},
    url = {http://www.brasil.gov.br/meio-ambiente/2009/10/rios-e-bacias-do-brasil-formam-uma-das-maiores-redes-fluviais-do-mundo},
    institution = {Portal Brasil}
}

@book{pressman:2016,
    title = {{Engenharia de Software-8{\{}{\textordfeminine}{\}} Edi{\{}{\c{c}}{\}}{\{}{\~{a}}{\}}o}},
    year = {2016},
    author = {Pressman, Roger and Maxim, Bruce},
    publisher = {McGraw Hill Brasil}
}

@misc{opencv:2009,
    title = {{Smoothing Images}},
    year = {2015},
    url = {http://docs.opencv.org/3.1.0/d4/d13/tutorial_py_filtering.html},
    institution = {OpenCV}
}

@article{xia:2012,
    title = {{Internet of things}},
    year = {2012},
    journal = {International Journal of Communication Systems},
    author = {Xia, Feng and Yang, Laurence T and Wang, Lizhe and Vinel, Alexey},
    number = {9},
    pages = {1101--1102},
    volume = {25},
    isbn = {9781420052817},
    doi = {10.1002/dac},
    issn = {10745351},
    pmid = {15487673},
    arxivId = {arXiv:1011.1669v3}
}

@book{Olszewska2017DetectingRepresentation,
    title = {{Detecting hidden objects using efficient spatio-temporal knowledge representation}},
    year = {2017},
    booktitle = {Lecture Notes in Computer Science (including subseries Lecture Notes in Artificial Intelligence and Lecture Notes in Bioinformatics)},
    author = {Olszewska, J.I.},
    volume = {10162 LNAI},
    isbn = {9783319533537},
    doi = {10.1007/978-3-319-53354-4{\_}17}
}

@article{Sesek2016ATHz-obmocje,
    title = {{A robust highly sensitive sensor for the THz frequency range | Robustni, visoko ob{\v{c}}utljivi senzor za THz-obmo{\v{c}}je}},
    year = {2016},
    journal = {Elektrotehniski Vestnik/Electrotechnical Review},
    author = {Sesek, A. and Trontelj, J.},
    number = {4},
    volume = {83}
}

@inproceedings{Etherington2015EliminatingOperations,
    title = {{Eliminating visibility problems from low visibility operations}},
    year = {2015},
    booktitle = {AIAA/IEEE Digital Avionics Systems Conference - Proceedings},
    author = {Etherington, T.J.},
    isbn = {9781479989409},
    doi = {10.1109/DASC.2015.7311465}
}

@inproceedings{VanDamme2015ComputerEnvironment,
    title = {{Computer Vision Photogrammetry for underwater archaeological site recording in a low-visibility environment}},
    year = {2015},
    booktitle = {International Archives of the Photogrammetry, Remote Sensing and Spatial Information Sciences - ISPRS Archives},
    author = {Van Damme, T.},
    number = {5W5},
    pages = {231--238},
    volume = {40},
    doi = {10.5194/isprsarchives-XL-5-W5-231-2015},
    issn = {16821750},
    keywords = {Agisoft photoscan, Computer Vision, Photogrammetry, Recording, Shipwrecks, Underwater archaeology}
}

@inproceedings{Ward2016PresentOperations,
    title = {{Present and future of vision systems technologies in commercial flight operations}},
    year = {2016},
    booktitle = {Proceedings of SPIE - The International Society for Optical Engineering},
    author = {Ward, J.},
    volume = {9839},
    isbn = {9781510600805},
    doi = {10.1117/12.2228271}
}

@inproceedings{Sachs1994SyntheticVisibility,
    title = {{Synthetic vision and precision navigation for aircraft taxi guidance in low visibility}},
    year = {1994},
    booktitle = {Guidance, Navigation, and Control Conference, 1994},
    author = {Sachs, G. and Moller, H. and Dobler, K. and Schanzer, G. and Mohlenkamp, K.}
}

@inproceedings{Korn2002EnhancedConditions,
    title = {{Enhanced and Synthetic Vision: Increasing Pilot's Situation Awareness Under Adverse Weather Conditions}},
    year = {2002},
    booktitle = {The 21st Digital Avionics Systems Conference (DASC)},
    author = {Korn, Bernd and Hecker, Peter},
    pages = {2--1},
    volume = {2},
    isbn = {0780373677}
}

@inproceedings{Shoucri1995PassiveConditions,
    title = {{Passive millimeter-wave camera for vehicle guidance in low-visibility conditions}},
    year = {1995},
    booktitle = {Proceedings of SPIE - The International Society for Optical Engineering},
    author = {Shoucri, Merit and Dow, G Sam and Hauss, Bruce and Lee, Paul and Yujiri, Larry},
    pages = {2--9},
    volume = {2463},
    url = {https://www.scopus.com/inward/record.uri?eid=2-s2.0-0029490368&partnerID=40&md5=46dd1ce9baf07f37fd91004e54a543ea},
    isbn = {9780819418166},
    keywords = {2, autonomous landing guidance, imaging radiometers, interest in the, low visibility sensors, millimeter waves, passive sensors, pmmw technology advances, processing techniques have renewed, recent advances in millimeter, synthetic vision, wave hardware and in}
}

@article{Lee2012Real-timeDetection,
    title = {{Real-time computational processing and implementation for concealed object detection}},
    year = {2012},
    journal = {Optical Engineering},
    author = {Lee, Dong-Su},
    number = {7},
    pages = {071405},
    volume = {51},
    url = {http://opticalengineering.spiedigitallibrary.org/article.aspx?doi=10.1117/1.OE.51.7.071405},
    doi = {10.1117/1.OE.51.7.071405},
    issn = {0091-3286}
}

@article{Kim2016TheImage,
    title = {{The convolution neural network based agent vehicle detection using forward-looking sonar image}},
    year = {2016},
    journal = {OCEANS 2016 MTS/IEEE Monterey, OCE 2016},
    author = {Kim, Juhwan and Cho, Hyeonwoo and Pyo, Juhyun and Kim, Byeongjin and Yu, Son-cheol},
    isbn = {9781509015375},
    doi = {10.1109/OCEANS.2016.7761209},
    keywords = {after that, agent vehicle, cable to locate, commands to the agent, control, forward-, it sends the position, looking sonar, machine learning, neural network, object detection, object recognition, using its vision system, vehicle through the tether}
}

@article{Tan2013DetectionLearning,
    title = {{Detection of Underwater Objects Based on Machine Learning}},
    year = {2013},
    journal = {Proceedings of the SICE Annual Conference},
    author = {Tan, Yasuhiro and Kooi, Joo and Ishikawa, Tan，hyoungseop Kim，seiji},
    keywords = {Haar-like features, Side-scan sonar, underwater objects}
}

@article{Chen2013LightDetection,
    title = {{Light intensity, spectrum and polarization information fusion based underwater object detection}},
    year = {2013},
    journal = {Tongxin Xuebao/Journal on Communications},
    author = {Chen, Z. and Wang, H.-B. and Shen, J. and Xu, L.-Z.},
    number = {3},
    volume = {34},
    doi = {10.3969/j.issn.1000-436x.2013.03.025}
}

@inproceedings{Jebelli2016EfficientTracking,
    title = {{Efficient robot vision system for underwater object tracking}},
    year = {2016},
    booktitle = {Proceedings of 2016 2nd International Conference on Control Science and Systems Engineering, ICCSSE 2016},
    author = {Jebelli, A. and Yagoub, M C E},
    pages = {242--247},
    url = {https://www.scopus.com/inward/record.uri?eid=2-s2.0-85010767515&doi=10.1109%2FCCSSE.2016.7784390&partnerID=40&md5=1072bdac480bf13ad946de05f488b10f},
    isbn = {9781467398725},
    doi = {10.1109/CCSSE.2016.7784390},
    keywords = {Computer vision, Hot spot, Mean shift, Mean shift algorithm, Model, Systems engineering, Tracking (position)}
}

@inproceedings{Olszewska2016TrackingUnderstanding,
    title = {{Tracking the invisible man: Hidden-object detection for complex visual scene understanding}},
    year = {2016},
    booktitle = {ICAART 2016 - Proceedings of the 8th International Conference on Agents and Artificial Intelligence},
    author = {Olszewska, J.I.},
    volume = {2},
    isbn = {9789897581724}
}

@inproceedings{Matsuda2015SystemImages,
    title = {{System of detecting underwater threats in side scan sonar images}},
    year = {2015},
    booktitle = {MTS/IEEE OCEANS 2015 - Genova: Discovering Sustainable Ocean Energy for a New World},
    author = {Matsuda, Yuma and Ogawa, Masatsugu and Yano, Masafumi},
    isbn = {9781479987368},
    doi = {10.1109/OCEANS-Genova.2015.7271585}
}

@article{Zhang2017UnderwaterRetinex,
    title = {{Underwater image enhancement via extended multi-scale Retinex}},
    year = {2017},
    journal = {Neurocomputing},
    author = {Zhang, S. and Wang, T. and Dong, J. and Yu, H.},
    volume = {245},
    doi = {10.1016/j.neucom.2017.03.029}
}

@article{Gubbi2013InternetDirections,
    title = {{Internet of Things (IoT): A vision, architectural elements, and future directions}},
    year = {2013},
    journal = {Future Generation Computer Systems},
    author = {Gubbi, Jayavardhana and Buyya, Rajkumar and Marusic, Slaven and Palaniswami, Marimuthu},
    number = {7},
    pages = {1645--1660},
    volume = {29},
    publisher = {Elsevier B.V.},
    url = {http://dx.doi.org/10.1016/j.future.2013.01.010},
    isbn = {0167739X},
    doi = {10.1016/j.future.2013.01.010},
    issn = {0167739X},
    pmid = {20120930},
    arxivId = {1207.0203},
    keywords = {Cloud computing, Internet of Things, RFID Smart environments, Ubiquitous sensing, Wireless sensor networks}
}

@article{Len2010SecuringNetworks,
    title = {{Securing cognitive radio networks}},
    year = {2010},
    journal = {International Journal of Communication Systems},
    author = {Le??n, O. and Hern??ndez-Serrano, J. and Soriano, M.},
    number = {5},
    pages = {633--652},
    volume = {23},
    isbn = {9781420052817},
    doi = {10.1002/dac},
    issn = {10745351},
    pmid = {15487673},
    arxivId = {arXiv:1011.1669v3},
    keywords = {Cognitive radio, Cognitive radio network, Security}
}

@book{White2011MakingSoftware,
    title = {{Making Embedded Systems: Design Patterns for Great Software}},
    year = {2011},
    author = {White, Elecia},
    pages = {328},
    volume = {2011},
    url = {http://books.google.com/books?id=VCOTy1xWZmQC&pgis=1},
    isbn = {1449320589}
}

@misc{Lectureeds.-Compute.pdf,
    title = {{(Lecture Notes in Computer Science 6806 Theoretical Computer Science and General Issues) Vijay Ganesh, Adam Kie{\.{z}}un, Shay Artzi, Philip J. Guo (auth.), Ganesh Gopalakrishnan, Shaz Qadeer (eds.)-Compute.pdf}}
}

@book{Baier2008PrinciplesChecking,
    title = {{Principles Of Model Checking}},
    year = {2008},
    booktitle = {MIT Press},
    author = {Baier, Christel and Katoen, Joost-Pieter},
    pages = {1--975},
    volume = {950},
    url = {http://mitpress.mit.edu/books/principles-model-checking},
    isbn = {9780262026499},
    doi = {10.1093/comjnl/bxp025},
    issn = {00155713},
    pmid = {11275744}
}

@misc{Murata1989PetriApplications,
    title = {{Petri Nets: Properties, Analysis and Applications}},
    year = {1989},
    booktitle = {Proceedings of the IEEE},
    author = {Murata, Tadao},
    number = {4},
    pages = {541--580},
    volume = {77},
    isbn = {3540111891},
    doi = {10.1109/5.24143},
    issn = {15582256},
    pmid = {24143},
    arxivId = {1104.0291v1}
}

@book{Vahid2002EmbeddedIntroduction.,
    title = {{Embedded system design - a unified hardware / software introduction.}},
    year = {2002},
    author = {Vahid, F and Givargis, T},
    pages = {1--324},
    isbn = {978-0-471-45303-1},
    keywords = {dblp}
}

@book{Heath2002EmbeddedDesign,
    title = {{Embedded systems design}},
    year = {2002},
    booktitle = {Newnes},
    author = {Heath, S},
    url = {http://books.google.de/books?hl=de&amp;lr=&amp;id=BjNZXwH7HlkC&amp;oi=fnd&amp;pg=PP2&amp;dq=Embedded+Systems+Design+heath&amp;ots=xg2gF6xOiM&amp;sig=aLbdXZhjZWW0WjZ24Ddna6U-b-g http://books.google.com/books?hl=en&lr=&id=BjNZXwH7HlkC&oi=fnd&pg=PP2&dq=embed},
    isbn = {978-07-5065-546-0}
}

@article{Qin2014ForegroundDecomposition,
    title = {{Foreground Extraction of Underwater Videos via Sparse and Low-rank Matrix Decomposition}},
    year = {2014},
    journal = {Vision for Analysis of Underwater Imagery},
    author = {Qin, Hongwei and Peng, Yigang and Li, Xiu},
    number = {71171121},
    pages = {1--8},
    keywords = {adaptive threshold, foreground extraction, principle component pur-, suit, underwater videos}
}

@article{Watson2005ATechniques,
    title = {{A comparison of temperate reef fish assemblages recorded by three underwater stereo-video techniques}},
    year = {2005},
    journal = {Marine Biology},
    author = {Watson, Dianne L. and Harvey, Euan S. and Anderson, Marti J. and Kendrick, Gary A.},
    number = {2},
    pages = {415--425},
    volume = {148},
    isbn = {0025-3162},
    doi = {10.1007/s00227-005-0090-6},
    issn = {00253162},
    pmid = {6952995}
}

@article{Quidu2010AutomaticPre-processing,
    title = {{Automatic underwater image pre-processing}},
    year = {2010},
    author = {Quidu, Isabelle and Jaulin, Luc and Malkasse, Jean-philippe}
}

@article{Gentili2000A.,
    title = {{A Vision Based System for Object Detection in Underwater Images .}},
    year = {2000},
    author = {Gentili, G.L. Foresti and S.},
    number = {March 2000},
    doi = {10.1142/S021800140000012X}
}

@article{Hearst1998SupportMachines,
    title = {{Support vector machines}},
    year = {1998},
    journal = {IEEE Intelligent Systems and their Applications},
    author = {Hearst, Marti a. and Dumais, Susan T. and Osuna, Edgar and Platt, John and Sch{\"{o}}lkopf, Bernhard},
    pages = {18--28},
    volume = {13},
    url = {http://ieeexplore.ieee.org/xpls/abs_all.jsp?arnumber=708428},
    isbn = {9780471273981},
    doi = {10.1109/5254.708428},
    issn = {1094-7167},
    pmid = {21244189},
    arxivId = {arXiv:1011.1669v3}
}

@misc{Peterson1982PetriSystems,
    title = {{Petri net theory and the modeling of systems}},
    year = {1982},
    booktitle = {Mathematics and Computers in Simulation},
    author = {Peterson, James L.},
    number = {4},
    pages = {356},
    volume = {24},
    isbn = {0136619835},
    doi = {10.1016/0378-4754(82)90087-8},
    issn = {03784754}
}